2590 4272
205 210 264 306 ¹3⁶
422 165 950 305 ,ruderariumubsl
1083 253 1084 260 ¹

211 425 237 472 „x
263 370 400 472 palliat.
450 370 573 469 Atque
595 371 677 446 ideo
703 383 894 468 utrumque
910 368 999 446 mihi
1015 383 1214 468 proponen-
1283 385 1284 480 3

213 527 236 570 ‚‚
262 471 350 548 dum
373 473 482 566 duxi3
506 472 602 569 quod
616 471 718 556 saue,
742 495 849 570 quam
865 469 1005 545 difficile
1026 470 1090 556 srt,
1117 462 1215 545 simul
1283 485 1284 530 l

159 585 167 594 ‘
214 629 236 662 ,‚
261 573 448 658 invenire,
487 595 613 646 omnes
637 585 781 668 norunt.
830 569 883 646 At
909 571 1044 666 quantu
1066 571 1136 645 hoc
1161 591 1215 642 ra·
1281 629 1284 672 4

213 727 236 763 „
259 663 336 749 rius
361 672 412 748 est
434 695 488 763 ac,
505 669 704 757 difficilius,
730 683 833 745 tanto
856 669 1066 746 laudabilius
1084 693 1127 743 au
1141 669 1219 762 dig·

214 776 346 864 „nius
370 772 676 852 existimandum..
704 771 745 846 Si
769 769 878 865 igitur
908 771 1051 865 generis
1073 769 1218 843 xclaritas

95 916 98 922 ,
212 928 236 962 ‚,
259 895 305 949 ac
320 874 467 948 decusa
486 893 546 946 me
570 871 638 947 fuit
658 873 902 968 expetendum
916 921 930 956 ,.
952 891 1136 944 FUGGER!
1152 893 1217 942 no·
1283 905 1284 962 ᾗ

148 983 153 991 ’
212 1029 237 1063 ,,
257 997 344 1056 men
369 972 419 1046 est
444 969 712 1068 ampliffimum‚
738 982 775 1044 et
802 971 903 1046 cuius
931 969 1012 1045 luce
1035 968 1218 1044 meus-Li·
1283 983 1284 1072 ζ

210 1129 235 1166 ,,
259 1075 324 1154 ber
347 1069 430 1146 satis
453 1070 636 1156 illustrari,
673 1083 781 1167 atque
807 1069 1011 1146 bominibus
1034 1091 1217 1150 commen·
1283 1097 1284 1104 Ν

196 1198 246 1264 3,,
260 1174 339 1249 dari
361 1170 493 1272 polilt..
523 1171 617 1258 Quid
641 1173 737 1248 enim
762 1169 985 1268 frequentius
1012 1169 1089 1270 jum
1117 1167 1216 1246 audi·

213 1329 242 1364 ,,,
263 1285 347 1360 tur,
371 1296 445 1348 non
470 1270 509 1346 in
542 1268 913 1360 Germaniasstantums,
936 1264 997 1350 led
1023 1295 1088 1371 per
1102 1283 1216 1347 totam
1257 1313 1259 1319 ·

190 1390 239 1466 7„
263 1376 372 1459 etiam
399 1371 600 1467 Europam,
627 1394 736 1468 quam
760 1363 1216 1470 euuuauor'ruurnumen‘l

214 1528 237 1563 „
264 1473 467 1564 demerito
479 1471 567 1546 iliud
581 1472 735 1572 quidem.
779 1471 1109 1571 Jamdudum'enim
1124 1472 1217 1548 suma

215 1631 239 1663 ,‚
261 1597 361 1652 mam
385 1574 431 1648 D.
453 1571 494 1646 Ο.
511 1573 560 1648 Μ.
587 1573 623 1654 i'n
644 1570 678 1645 se
698 1571 985 1648 benevolentiam
1016 1597 1058 1649 ea
1082 1573 1216 1648 familia

214 1731 236 1764 ‚‚
263 1673 470 1772 experitur,
509 1673 567 1748 cui
593 1670 723 1774 scilibet
748 1673 868 1748 omnia
894 1671 996 1768 simul
1026 1671 1164 1769 buna(
1180 1687 1217 1749 er

214 1825 238 1863 ‚,
264 1774 396 1858 animi,
419 1786 457 1847 et
483 1773 640 1870 corporis
654 1825 670 1866 ,Ι
691 1785 729 1846 er
748 1773 909 1870 ¹fortunae
922 1775 940 1874 )
965 1777 1042 1852 aius
1058 1769 1217 1874 benigni·

90 1963 92 1970 ,
214 1930 237 1966 ,,
264 1885 339 1962 tate
362 1874 508 1968 largiter
536 1871 615 1949 sint·
631 1870 798 1948 conculsa.
839 1873 941 1950 Nam
965 1872 1037 1974 (ut
1061 1874 1217 1950 summas

216 2033 237 2065 „
263 2001 306 2060 ac
329 1974 530 2050 luculentas
556 1975 633 2048 eius
658 1996 745 2071 opes
769 1974 954 2060 omittam,
980 1977 1147 2074 aquibus
1163 1988 1218 2050 ta·

161 2091 163 2098 ’
212 2133 237 2166 ,,
262 2100 348 2152 men
374 2099 447 2150 non
473 2074 699 2150 mediocriter
722 2074 775 2148 est
798 2074 996 2162 laudanda,
1033 2084 1116 2152 curii
1144 2098 1217 2150 non

197 2231 238 2266 ,,,
263 2176 332 2254 nisi
350 2173 491 2271 magnis
516 2185 624 2270 atque
648 2173 789 2249 eximiis
812 2173 922 2250 animi
946 2191 1055 2272 atque
1083 2177 1217 2272 ingenii

217 2333 239 2368 „
262 2275 420 2360 viribus,
444 2275 786 2370 aedivina.quadam
809 2277 1030 2374 prouidentia
1044 2288 1107 2352 aut
1120 2299 1217 2351 com·

213 2433 237 2468 ,‚
260 2375 378 2477 parari
398 2384 461 2449 aut
481 2375 626 2448 retineri
653 2372 778 2470 poffint
791 2375 810 2471 )Ι
834 2375 964 2473 julium
978 2379 1096 2474 potius
1114 2397 1157 2450 ac
1168 2379 1218 2451 le·

156 2518 161 2528 .
215 2498 238 2568 ,ς
262 2479 428 2574 gitimum
449 2497 572 2553 earum
593 2472 691 2548 ulum
706 2477 976 2572 egregiiscerte
989 2477 1152 2552 laudibus
1168 2477 1220 2552 ef*

174 2672 177 2680 Α
215 2633 237 2666 ,,
261 2579 354 2653 ferre
387 2597 514 2650 ornnes
541 2570 682 2651 debent.
745 2578 840 2663 Quid
864 2600 952 2652 veru
988 2577 1218 2674 praeclariuS,

106 2720 108 2731 ‹
213 2733 236 2766 ‚,
263 2688 326 2752 aut
340 2676 487 2750 homine
502 2675 665 2770 dignius„
690 2697 798 2772 quam
812 2678 984 2776 inopum,
1006 2697 1218 2774 pauperum,

213 2829 237 2866 „
264 2801 307 2852 ae
319 2773 525 2852 miserorum
538 2775 732 2862 humilem,
756 2775 929 2875 abjeilam
937 2831 947 2867 ‚
972 2801 1015 2854 ac
1029 2797 1142 2875 prope
1158 2779 1219 2853 de·
1283 2775 1284 2862 l

215 2931 237 2966 ,‚
261 2876 436 2974 ploratum
449 2875 630 2950 fortunam
645 2874 759 2964 alere,
779 2876 925 2964 fovere,
947 2899 994 2952 ac
1009 2875 1219 2954 sustentare?

215 3031 239 3068 „
264 2977 369 3064 Quod
396 2975 625 3051 cartelaudis
649 2985 765 3072 genus
803 2979 905 3054 vobis
929 2980 998 3056 elie
1022 2978 1217 3077 peculiare,

216 3131 238 3168 „
263 3075 556 3174 ptochotrophia,
582 3079 905 3175 orphanotrophia,
930 3082 1218 3178 gerontocomia,
1283 3097 1284 3154 l

13 3245 18 3254 .
116 3261 117 3267 Ν
217 3231 239 3264 ,,
260 3191 307 3250 ‘ac
320 3174 542 3262 nosocomia,
569 3181 710 3272 magnis
724 3175 1089 3275 sumptibusa'vestris
1104 3178 1218 3278 Majo-

213 3329 238 3374 „
265 3277 364 3352 ribus
376 3275 491 3352 ereda
504 3329 526 3361 ,-
542 3290 651 3374 atque
669 3276 851 3372 extrusta,
873 3295 915 3355 et
933 3305 953 3355 a
970 3283 1072 3376 vobis
1090 3282 1221 3356 instau-

215 3429 238 3464 „
264 3387 341 3453 rata
365 3399 408 3452 ac
421 3376 629 3452 conservata
655 3377 797 3454 abunde
823 3380 1017 3462 testantur:
1043 3401 1131 3480 quae.
1144 3404 1221 3456 cer·⁵
1257 3379 1261 3398 ¹

179 3549 181 3562 ,
215 3530 237 3563 ,,
259 3490 298 3550 te
322 3477 445 3552 vestrae
458 3476 656 3575 pietatisac
669 3477 916 3557 beneficentiae
929 3495 1100 3579 perpetua
1114 3495 1220 3556 erunt
1253 3489 1255 3496 ’
1283 3485 1284 3508 ¹

143 3653 146 3658 ,
215 3630 237 3664 ,,
263 3578 495 3653 monimenta.
546 3577 620 3658 Sed
645 3578 742 3654 nulla
768 3580 878 3657 etiam
902 3581 951 3657 est
976 3582 1088 3660 autin
1104 3581 1220 3668 Italia,

216 3677 388 3765 „autin
420 3673 559 3772 Gallia,
586 3679 708 3781 autin
741 3675 924 3760 Germania
944 3682 1093 3758 celebris
1125 3684 1220 3756 Aea.

994 3833 1015 3870 „
1029 3780 1171 3868 dernia,

1283 3933 1284 3970 l
