2590 4272
312 209 316 224 “
375 198 626 274 rosontione
649 209 752 266 urus
948 157 960 183 f
1033 207 1080 287 at

86 376 106 446 ς,
125 356 265 445 demin,
288 357 327 434 in
355 380 426 457 qua
448 381 524 434 non
549 354 658 454 aliqui
683 356 759 441 smt¹
777 355 923 454 optimae
947 353 1079 432 indolis

87 513 106 546 „
125 458 294 559 juvenes,
321 457 521 556 qui-nestra
533 457 744 533 liberalitate
758 458 932 533 bonarum
948 459 1080 535 artium

86 613 105 646 ,‚
128 557 244 636 stodiis
261 559 484 639 incumbant.
533 559 582 634 Et
603 559 684 634 haec
698 557 780 637 sane
799 557 891 632 satia
904 567 1079 636 aeternam

85 708 104 746 ,‚
129 660 227 754 vobis
258 659 393 733 lamam
421 679 465 732 ac
495 657 647 754 gloriam
673 658 801 734 merito
827 656 1079 734 conciliabunt.

85 755 235 848 ,·‚Porro
262 771 384 834 antem
410 779 493 834 cum
519 759 601 842 ille,
636 758 697 854 qui
725 758 809 833 olim
840 753 1080 853 Hiemsolymn

84 879 107 948 ,·‚
128 881 211 944 rex,
237 857 419 958 sapientiae
437 855 508 932 suae
525 857 766 935 celebritatem
782 879 846 954 per
862 857 985 931 orbem
1001 859 1081 930 uni·

84 957 263 1046 „uersum
288 959 521 1056 propagavit,
547 953 720 1052 singulare
744 953 831 1032 illud
855 957 924 1034 Dei
946 978 1081 1034 munus

85 1112 105 1146 ,,
124 1057 190 1133 elie
218 1057 472 1144 constituerit,
487 1055 535 1142 st,
558 1057 686 1154 quibus
710 1057 847 1134 divitiae
869 1069 978 1156 atque
991 1080 1086 1156 opes

13 1187 14 1210 r
85 1211 104 1247 ,‚
125 1157 336 1256 suppetunt,
371 1157 439 1232 illis
465 1157 573 1235 eiiam
599 1157 802 1253 potiantur:
837 1156 907 1234 hoc
936 1181 1080 1256 quoque

84 1293 113 1345 ,·„
126 1260 225 1334 vobis
242 1259 392 1332 minime
407 1255 545 1343 deelle,
572 1255 676 1354 facile
695 1258 727 1331 is
744 1257 991 1344 confitebitur,
1017 1260 1080 1356 qui

84 1411 104 1446 ,‚
123 1360 219 1435 aedes
242 1357 400 1443 vestras,
424 1369 534 1454 atque
557 1351 822 1454 splendidillrma
838 1357 969 1456 palatia
980 1359 999 1450 ;'
1018 1361 1080 1457 qui

84 1461 105 1546 „⁴
127 1455 373 1534 amaeniffimos
387 1485 406 1542 ¹,
423 1477 468 1530 ao
495 1459 594 1532 omni
622 1457 845 1555 voluptatum
874 1481 917 1532 ac
942 1459 1083 1534 delitia-·

84 1611 106 1646 „
125 1581 202 1636 rum
225 1579 357 1653 genere
381 1555 568 1634 affluentes
593 1557 717 1634 hortos
728 1579 739 1649 ;
762 1559 824 1656 qui
845 1579 957 1656 equos
971 1557 1080 1636 leiiil·

84 1711 105 1747 „
126 1658 255 1744 samos,
281 1680 324 1734 ac
349 1657 605 1754 pulcherrimos
634 1656 695 1732 sub
719 1657 951 1751 mundiffimis
977 1661 1081 1736 testis

84 1811 105 1844 ,‚
122 1757 305 1854 eleganter
328 1755 531 1854 dispositos3
553 1757 614 1854 qni
637 1757 852 1833 famulitium
871 1759 1081 1856 frequentis·

84 1907 104 1944 „
125 1857 276 1940 stmum3
299 1857 362 1954 qui
384 1856 554 1933 alliduum
578 1857 761 1934 nostorum
777 1859 962 1934 lromioum
977 1858 1091 1954 intel-p

83 1991 104 2046 ,·,
121 1958 260 2050 litium3
296 1957 358 2054 qui
385 1955 551 2054 denique«
564 1957 773 2052 magnificos
799 1967 1014 2055 apparatus,
1036 1985 1081 2036 ac
1125 2015 1128 2020 -
1196 2015 1201 2026 „

82 2087 102 2143 3,
125 2057 285 2155 sumptus
315 2055 542 2154 quotidianbs
566 2058 674 2132 fuerit
700 2056 983 2155 contemplatus:
1013 2073 1080 2148 ut,

82 2209 102 2243 ,‚
125 2171 213 2254 quot
238 2156 320 2254 quis
344 2177 546 2232 rennuens
572 2158 718 2242 videat,
754 2172 809 2232 tot
832 2157 867 2230 se
896 2157 1081 2260 Principes

83 2310 103 2342 „
122 2272 231 2356 atque
251 2257 419 2342 Heroas:
445 2269 483 2332 et
511 2258 572 2354 qui
594 2257 812 2351 singulorum
827 2258 979 2336 familias
993 2263 1080 2345 ‚tot

59 2347 155 2442 ,de
188 2355 291 2431 aulas
314 2356 529 2452 magnificas·
550 2380 593 2435 ec
615 2357 816 2436 lautillimas
841 2359 964 2436 videre
987 2363 1081 2438 arbi·
1152 2388 1155 2394 ·

82 2509 101 2546 ‚,
121 2466 248 2533 tretur.
280 2490 283 2494 ·
310 2456 405 2543 Quid
429 2478 516 2532 uero
541 2457 586 2532 de
606 2457 811 2545 Caesarum,
842 2459 1011 2556 Regum,
1037 2485 1081 2537 ac
1221 2543 1224 2548 Δ
1258 2512 1259 2516 ¹

82 2556 330 2654 „Principum
354 2555 670 2654 potentiffimorum
692 2559 807 2654 gratia
832 2571 869 2633 et
887 2561 1010 2637 favore
1026 2562 1081 2638 di-

51 2705 53 2710 ·
82 2709 102 2741 „
125 2679 230 2740 cam,
257 2677 340 2732 curu
353 2656 519 2735 omnibus
539 2657 581 2733 set
596 2657 834 2749 notillrmum,
858 2659 1009 2736 vestram
1025 2661 1081 2754 fa·

78 2783 105 2844 ·‚,
124 2756 261 2831 millam
287 2779 362 2832 oon
386 2769 528 2836 tantum
548 2757 688 2839 summa
716 2780 841 2834 eorum
863 2760 1082 2835 benevolen·
1178 2849 1180 2854 ¹

78 2891 102 2941 ·‚,
125 2857 175 2930 tia
200 2855 337 2941 laetari,
365 2855 433 2930 sed·
449 2857 495 2930 ob
517 2855 753 2932 excellentem
778 2861 907 2934 rerum*
928 2859 1091 2957 cogniti·'

78 2979 101 3041 ⁴„
121 2979 209 3031 nem
238 2968 276 3030 et
294 2953 506 3052 fingttlarem
532 2955 570 3032 in
594 2956 786 3034 tradendis
801 2959 953 3053 negotiis
968 2961 1081 3036 animi

79 3099 101 3142 =‚‚
122 3056 374 3134 dexteritatem
393 3055 544 3132 consiliis
559 3057 690 3142 etiam,
715 3071 753 3131 et
766 3059 933 3153 gravibus
946 3061 996 3136 de
1006 3061 1081 3135 Re·

76 3183 101 3240 ·‚,
124 3153 264 3252 publica
289 3156 601 3233 deliberationibus
626 3155 819 3232 intereffee·
840 3157 945 3240 Unde
970 3163 1080 3238 etiam

75 3287 101 3339 ·‚,
125 3249 405 3330 merito'faitum
430 3255 502 3342 est,
528 3268 569 3331 ut
582 3253 799 3334 nobilillrmae
812 3273 920 3356 atque
933 3260 1084 3338 illustres
1121 3331 1123 3334 .

82 3408 101 3442 „
121 3355 159 3429 in
187 3353 371 3430 Germania
395 3354 541 3434 familiae
575 3357 726 3432 vestram
759 3358 843 3433 olim
869 3359 1081 3444 affinitatem

57 3505 104 3548 ·a
124 3453 383 3562 expetiverint,
409 3469 460 3533 et.
474 3456 636 3559 quotidie
656 3458 765 3542 etiam
791 3473 971 3558 expetant.
1050 3479 1075 3556 J

518 3651 550 3741 C
578 3676 617 3750 a
898 3709 925 3748 „
936 3657 1037 3744 Nihil

13 741 15 786 l

13 787 14 816 l
